% Encoding: UTF-8

@article{gessel2005miki,
  title={On Miki's identity for Bernoulli numbers},
  author={Gessel, Ira M},
  journal={Journal of Number Theory},
  volume={110},
  number={1},
  pages={75--82},
  year={2005},
  publisher={Elsevier}
}

@article{miki1978relation,
  title={A relation between Bernoulli numbers},
  author={Miki, Hiroo},
  journal={Journal of Number Theory},
  volume={10},
  number={3},
  pages={297--302},
  year={1978},
  publisher={Elsevier}
}

@article{dilcher1996sums,
  title={Sums of products of Bernoulli numbers},
  author={Dilcher, Karl},
  journal={journal of number theory},
  volume={60},
  number={1},
  pages={23--41},
  year={1996},
  publisher={Elsevier}
}

@article{fu2009symmetric,
  title={Symmetric identities on Bernoulli polynomials},
  author={Fu, Amy M and Pan, Hao and Zhang, Iris F},
  journal={Journal of Number Theory},
  volume={129},
  number={11},
  pages={2696--2701},
  year={2009},
  publisher={Elsevier}
}

@article{dilcher2016general,
  title={General convolution identities for Bernoulli and Euler polynomials},
  author={Dilcher, Karl and Vignat, Christophe},
  journal={Journal of Mathematical Analysis and Applications},
  volume={435},
  number={2},
  pages={1478--1498},
  year={2016},
  publisher={Elsevier}
}