% Encoding: UTF-8

@article{gessel2005miki,
  title={On Miki's identity for Bernoulli numbers},
  author={Gessel, Ira M},
  journal={Journal of Number Theory},
  volume={110},
  number={1},
  pages={75--82},
  year={2005},
  publisher={Elsevier}
}